@article{Heskestad1988,
    title = "Quantification of thermal responsiveness of automatic sprinklers including conduction effects",
    journal = "Fire Safety Journal",
    volume = "14",
    number = "1",
    pages = "113 - 125",
    year = "1988",
    issn = "0379-7112",
    doi = "https://doi.org/10.1016/0379-7112(88)90049-5",
    url = "http://www.sciencedirect.com/science/article/pii/0379711288900495",
    author = "Gunnar Heskestad and Robert G. Bill",
    hyphenation={english}
}

@book{Heskestad1980,
    author = "Gunnar Heskestad and Herbert F Smith",
    title = "Plunge test for determination of sprinkler sensitivity",
    publisher = "Norwood, Mass. : Factory Mutual Research Corporation",
    year = "1980",
    hyphenation={english}
}

@article{Heskestad1979,
    title       =  {The initial convective flow in fire},
    author      =  {Gunnar Heskestad and Michael A. Delichatsios},
    publisher   =  {Elsevier},
    year        =  {1979},
    journal     =  {Symposium (International) on Combustion},
    volume      =  {17},
    number      =  {1},
    pages       =  {1113 - 1123}
}

@article{Heskestad1989,
    title       =  {Update: The initial convective flow in fire},
    author      =  {Gunnar Heskestad and Michael A. Delichatsios},
    publisher   =  {Elsevier},
    year        =  {1989},
    journal     =  {Fire Safety Journal},
    volume      =  {15},
    number      =  {6},
    pages       =  {471 - 475}
}

@article{Davis1999,
    title       =  {The zone fire model jet: a model for the prediction of detector activation and gas temperature in the presence of a smoke layer},
    author      =  {William D. Davis},
    publisher   =  {National Bureau of Standards},
    year        =  {1999},
    journal     =  {NISTIR},
    volume      =  {6324}
}

@mastersthesis{Bittern2004,
    title       =  {Analysis of FDS Predicted Sprinkler Activation Times with Experiments},
    author      =  {Adam Bittern},
    year        =  {1999},
    school={University of Canterbury},
    address={Private Bag 4800, Christchurch, New Zealand}
}

@manual{VDI6019B1,
	author={{VDI 6019 Blatt 1}},
	title={Ingenieurverfahren zur Bemessung der Rauchableitung aus Gebäuden - Brandverläufe, Überprüfung der Wirksamkeit},
	year={2006},
	month={5}
}

@manual{DIN12845,
    author        = {DIN EN 12845:2016-04},
    title         = {Ortsfeste Brandbekämpfungsanlagen - Automatische Sprinkleranlagen Planung, Installation und Instandhaltung},
    institution   = {Beuth Verlag GmbH},
    doi           = {10.31030/2420567},
    year          = {2016},
    month         = {04}
}

@manual{DIN1991,
    author        = {DIN EN 1991-1-2:2010-12},
    title         = {Eurocode 1: Einwirkungen auf Tragwerke –
Teil 1-2: Allgemeine Einwirkungen –
Brandeinwirkungen auf Tragwerke},
    institution   = {Beuth Verlag GmbH},
    year          = {2010},
    month         = {12}
}

@manual{FDSVal,
    author      = {Kevin McGrattan and Simo Hostikka and Randall McDermott and Jason Floyd and Marcos Vanella},
    title       = {Fire Dynamics Simulator, Technical Reference Guide, Volume 3: Validation},
    institution = {National Institute of Standards and Technology},
    year        = {2019},
    month       = {02}
}

@manual{FDSUser,
    author      = {Kevin McGrattan and Simo Hostikka and Randall McDermott and Jason Floyd and Marcos Vanella},
    title       = {Fire Dynamics Simulator, User’s Guide},
    institution = {National Institute of Standards and Technology},
    year        = {2019},
    month       = {02}
}

@manual{FDSTech,
    author      = {Kevin McGrattan and Simo Hostikka and Randall McDermott and Jason Floyd and Marcos Vanella},
    title       = {Fire Dynamics Simulator, Technical Reference Guide, Volume 1: Mathematical Model},
    institution = {National Institute of Standards and Technology},
    year        = {2013},
    month       = {11}
}
@online{Sprinklerkopf,
    url         =  {http://www.feuerwehr-lehre.de/images/sprinklerkopf.jpg},
    urldate     =  {2019-09-26}
}
@online{Norbulb,
    url         =  {http://www.norbulb.de/glasampullen_rti.html},
    urldate     =  {2019-09-26}
}
@manual{VDS2160,
	author={VdS 2160:2000-5},
	title={Glasfassauslöseelemente für Sprinkleranlagen, Anforderungen und Prüfmethoden},
	year={2000},
	month={5}
}

@manual{VDS4001,
	author={VdS CEA 4001:2018-1},
	title={VdS CEA-Richtlinien für Sprinkleranlagen, Planung und Einbau},
	year={2018},
	month={1}
}

@manual{vfdb2013,
	author={vfdb TB 04-01},
	title={Leitfaden Ingenieurmethoden des Brandschutzes},
	year={2013},
	month={11}
}

@online{MinimaxInfo,
    url         =  {https://www.minimax.com/downloads/detail/104/de/},
    urldate     =  {2019-09-27}
}

@online{WikiSprinkler,
    url         =  {https://en.wikipedia.org/wiki/Fire_sprinkler_system},
    urldate     =  {2019-10-02}
}

@online{WikiLES,
    url         =  {https://de.wikipedia.org/wiki/Large_Eddy_Simulation},
    urldate     =  {2019-11-15}
}

@online{MPIInfo,
    url         =  {https://www.itwissen.info/MPI-message-passing-interface.html},
    urldate     =  {2019-11-15}
}

@online{FDSWebsite,
    url         =  {https://pages.nist.gov/fds-smv/},
    urldate     =  {2019-10-23}
}

@patent{Patent,
    type        =  {patentus},
    author      =  {F. Grinnel},
    title       =  {Automatic Fire Extinguisher},
    number      =  {US431971A},
    year        =  {1890},
    hyphenation =  {english}
}
@book{SFPE2nd,
    author      =  {Society of Fire Protection Engineers},
    title       =  {SFPE handbook of fire protection engineering, second edition (2nd ed.)},
    publisher   =  {National Fire Protection Association},
    year        =  {1995}
}

@book{SFPE3rd,
    author      =  {Society of Fire Protection Engineers},
    title       =  {SFPE handbook of fire protection engineering, third edition (3rd ed.)},
    publisher   =  {National Fire Protection Association},
    year        =  {2002}
}

@book{SFPE5th,
    author      =  {Society of Fire Protection Engineers},
    title       =  {SFPE handbook of fire protection engineering, fifth edition (5th ed.)},
    publisher   =  {Springer-Verlag New York},
    year        =  {2002}
}