@inproceedings{iso18004,
  title     = {{ISO/IEC 18004: Information technology -- Automatic identification and data capture techniques -- QR code bar code symbology specification}},
  booktitle = {ISO/IEC 18004:2015},
  author    = {{International Organization for Standardization}},
  year      = {2015},
}

@standard{vdi6011-1,
  title        = {{Lichttechnik - Optimierung von Tageslichtnutzung und künstlicher Beleuchtung - Grundlagen und allgemeine Anforderungen}},
  organization = {{Verein Deutscher Ingenieure}},
  number       = {VDI 6011 Blatt 1},
  year         = {2016},
  month        = {jul},
}

@standard{geg2020,
  title        = {{Gesetz zur Einsparung von Energie und zur Nutzung erneuerbarer Energien zur W{\"a}rme- und K{\"a}lteerzeugung in Geb{\"a}uden (Geb{\"a}udeenergiegesetz - GEG)}},
  organization = {{Bundesgesetzblatt}},
  number       = {BGBl. I S. 1728},
  year         = {2020},
  month        = {aug},
}

@standard{din18599-1,
  title        = {{Energetische Bewertung von Gebäuden - Berechnung des Nutz-, End- und Prim{\"a}renergiebedarfs f{\"u}r Heizung, K{\"u}hlung, L{\"u}ftung, Trinkwarmwasser und Beleuchtung - Teil 1: Allgemeine Bilanzierungsverfahren, Begriffe, Zonierung und Bewertung der Energietr{\"a}ger}},
  organization = {{Deutsches Institut für Normung e. V.}},
  number       = {DIN V 18599-1},
  year         = {2018},
  month        = {sep},
}

@standard{dinen17037,
  title        = {{Tageslicht in Gebäuden}},
  organization = {{Deutsches Institut für Normung e. V.}},
  number       = {DIN EN 17037},
  year         = {2022},
  month        = {mar},
}

@standard{dineniso7730,
  title        = {{Ergonomie der thermischen Umgebung - Analytische Bestimmung und Interpretation der thermischen Behaglichkeit durch Berechnung des PMV- und des PPD-Indexes und Kriterien der lokalen thermischen Behaglichkeit}},
  organization = {{Deutsches Institut für Normung e. V.}},
  number       = {DIN EN ISO 7730},
  year         = {2006},
  month        = {may},
}

@standard{dinen14501,
  title        = {{Abschlüsse und Jalousien - Thermischer und visueller Komfort - Leistungs- und Klassifizierungseigenschaften}},
  organization = {{Deutsches Institut für Normung e. V.}},
  number       = {DIN EN 14501},
  year         = {2021},
  month        = {nov},
}